<?xml version="1.0" encoding="utf-8"?>
<record xmlns="http://www.loc.gov/MARC21/slim" xmlns:xsi="http://www.w3.org/2001/XMLSchema-instance" xsi:schemaLocation="http://www.loc.gov/MARC21/slim http://www.loc.gov/standards/marcxml/schema/MARC21slim.xsd">
	<leader>     nam a22     Mi 4500</leader>
	<controlfield tag="001">2787420</controlfield>
	<controlfield tag="003">NjP</controlfield>
	<controlfield tag="006">m        d        </controlfield>
	<controlfield tag="007">cr cn |||m|||a</controlfield>
	<controlfield tag="008">210310s1908    ua      o     000 0cara d</controlfield>
	<datafield ind1=" " ind2=" " tag="040">
		<subfield code="a">ZYU</subfield>
		<subfield code="b">ara</subfield>
		<subfield code="e">rda</subfield>
		<subfield code="c">ZYU</subfield>
	</datafield>
	<datafield ind1="1" ind2=" " tag="100">
		<subfield code="6">880-01</subfield>
		<subfield code="a">Bakhshī, Muḥammad ibn Muḥammad,</subfield>
		<subfield code="d">1628 or 1629-1686 or 1687.</subfield>
	</datafield>
	<datafield ind1="1" ind2="0" tag="245">
		<subfield code="6">880-02</subfield>
		<subfield code="a">Hādhā kitāb Shams al-mafākhir :</subfield>
		<subfield code="b">dhayl kitāb Qalāʼid al-jawāhir fī dhikr dhurrīyat sulṭān al-awlīyā' al-akābir bāz Allāh al-ashhab ʻilm al-sharq al-ghawth al-aʻẓam al-rabbānī al-ḥasīb al-nasīb al-sharīf al-Sayyid al-Imām al-humām shaykh al-Islām Abī Sāliḥ Muḥyī al-Dīn ʻAbd al-Qādir al-Jīlānī al-Ḥasanī al-Ḥusaynī /</subfield>
		<subfield code="c">taʼlīf al-imām al-humām al-ʻālim al-ʻallāmah wa-al-baḥr al-fahhāmah mawlānā al-Shaykh Muḥammad ibn Muḥammad ibn Muḥammad al-Bakhshī al-Ḥalabī al-shāfiʻī al-mutawaffá sanat 1098.</subfield>
	</datafield>
	<datafield ind1=" " ind2=" " tag="260">
		<subfield code="6">880-03</subfield>
		<subfield code="a">Miṣr :</subfield>
		<subfield code="b">Maṭbaʻat al-Saʻādah,</subfield>
		<subfield code="c">1326 H., [1908? M.]</subfield>
	</datafield>
	<datafield ind1=" " ind2=" " tag="300">
		<subfield code="a">online resource (128 pages)</subfield>
	</datafield>
	<datafield ind1=" " ind2=" " tag="336">
		<subfield code="a">text</subfield>
		<subfield code="2">rdacontent</subfield>
	</datafield>
	<datafield ind1=" " ind2=" " tag="337">
		<subfield code="a">computer</subfield>
		<subfield code="2">rdamedia</subfield>
	</datafield>
	<datafield ind1=" " ind2=" " tag="338">
		<subfield code="a">online resource</subfield>
		<subfield code="2">rdacarrier</subfield>
	</datafield>
	<datafield ind1=" " ind2=" " tag="500">
		<subfield code="a">Part of the Arabic Collections Online (ACO) project, contributed by Princeton University Libraries.</subfield>
	</datafield>
	<datafield ind1=" " ind2=" " tag="533">
		<subfield code="a">Electronic reproduction.</subfield>
		<subfield code="b">New York, N.Y. :</subfield>
		<subfield code="c">New York University,</subfield>
		<subfield code="d">2021.</subfield>
		<subfield code="5">NNU</subfield>
	</datafield>
	<datafield ind1=" " ind2=" " tag="546">
		<subfield code="a">In Arabic.</subfield>
	</datafield>
	<datafield ind1="1" ind2="0" tag="600">
		<subfield code="a">Tādhifī, Muḥammad ibn Yaḥyá,</subfield>
		<subfield code="d">1493 or 1494-1555 or 1556.</subfield>
	</datafield>
	<datafield ind1=" " ind2="0" tag="650">
		<subfield code="a">Sufism</subfield>
		<subfield code="v">Biography.</subfield>
	</datafield>
	<datafield ind1="1" ind2="7" tag="600">
		<subfield code="a">Tādhifī, Muḥammad ibn Yaḥyá,</subfield>
		<subfield code="d">1493 or 1494-1555 or 1556.</subfield>
		<subfield code="2">fast</subfield>
		<subfield code="0">(OCoLC)fst01850034</subfield>
	</datafield>
	<datafield ind1=" " ind2="7" tag="650">
		<subfield code="a">Sufism.</subfield>
		<subfield code="2">fast</subfield>
		<subfield code="0">(OCoLC)fst01137257</subfield>
	</datafield>
	<datafield ind1=" " ind2="7" tag="655">
		<subfield code="a">Biographies.</subfield>
		<subfield code="2">fast</subfield>
		<subfield code="0">(OCoLC)fst01919896</subfield>
	</datafield>
	<datafield ind1="2" ind2=" " tag="710">
		<subfield code="a">Princeton University.</subfield>
		<subfield code="b">Library.</subfield>
	</datafield>
	<datafield ind1="0" ind2=" " tag="730">
		<subfield code="a">Arabic Collections Online.</subfield>
	</datafield>
	<datafield ind1="0" ind2="8" tag="776">
		<subfield code="i">Print version:</subfield>
		<subfield code="a">Bakhshī, Muḥammad ibn Muḥammad, 1628 or 1629-1686 or 1687.</subfield>
		<subfield code="t">Hādhā kitāb Shams al-mafākhir</subfield>
		<subfield code="w">(NjP)2787420</subfield>
		<subfield code="w">(OCoLC)42847401</subfield>
	</datafield>
	<datafield ind1="4" ind2="0" tag="856">
		<subfield code="u">http://hdl.handle.net/2333.1/gb5mkx0p</subfield>
	</datafield>
	<datafield ind1="1" ind2=" " tag="880">
		<subfield code="6">100-01</subfield>
		<subfield code="a">بخشي، محمد بن محمد،</subfield>
		<subfield code="d">1628 or 1629-1686 or 1687.</subfield>
	</datafield>
	<datafield ind1="1" ind2="0" tag="880">
		<subfield code="6">245-02</subfield>
		<subfield code="a">هذا كتاب شمس المفاخر :</subfield>
		<subfield code="b">ذيل لكتاب قلائد الجواهر في ذكر ذرية سلطان الأولياء الأكابر باز الله الأشهب علم الشرق الغوث الأعظم الرباني الحسيب النسيب الشريف السيد الإمام الهمام شيخ الإسلام أبي صالح محي الدين عبد القادر الجيلاني الحسني الحسيني /</subfield>
		<subfield code="c">تأليف الإمام الهمام العالم العلامة والبحر الفهامة مولانا الشيخ محمد إبن محمد بن محمد البخشي الحلبي الشافعي المتوفى سنة 1098.</subfield>
	</datafield>
	<datafield ind1=" " ind2=" " tag="880">
		<subfield code="6">260-03</subfield>
		<subfield code="a">مصر :</subfield>
		<subfield code="b">مطبعة السعادة،</subfield>
		<subfield code="c">1326 هـ.، [1908؟ م.]</subfield>
	</datafield>
	<datafield ind1=" " ind2=" " tag="959">
		<subfield code="a">NNU</subfield>
		<subfield code="b">WEB</subfield>
		<subfield code="c">GENI</subfield>
		<subfield code="t">0</subfield>
		<subfield code="m">Electronic access</subfield>
		<subfield code="s">01</subfield>
	</datafield>
	<datafield ind1=" " ind2=" " tag="999">
		<subfield code="i">NjP_2787420</subfield>
		<subfield code="o">(OCoLC)ocm42847401</subfield>
		<subfield code="s">princeton_aco002641</subfield>
		<subfield code="e">(ERROR-MISC)</subfield>
		<subfield code="s">princeton_aco002641</subfield>
	</datafield>
</record>
